@book{Robachevski_Unix,
author = {Робачевский},
title = {Архитектура UNIX},
year = {2000},
}
